<?xml version="1.0" encoding="UTF-8"?><record xmlns="http://www.loc.gov/MARC21/slim" xmlns:cinclude="http://apache.org/cocoon/include/1.0" xmlns:zs="http://www.loc.gov/zing/srw/">
  <leader>00382nz  a2200133n  4500</leader>
  <controlfield tag="001">n  95073989 </controlfield>
  <controlfield tag="003">DLC</controlfield>
  <controlfield tag="005">19950727083250.8</controlfield>
  <controlfield tag="008">950727n| acannaab|          |a aaa |||  </controlfield>
  <datafield tag="010" ind1=" " ind2=" ">
    <subfield code="a">n  95073989 </subfield>
  </datafield>
  <datafield tag="040" ind1=" " ind2=" ">
    <subfield code="a">DLC</subfield>
    <subfield code="c">DLC</subfield>
  </datafield>
  <datafield tag="100" ind1="1" ind2="0">
    <subfield code="a">Confiant, Raphaël,</subfield>
    <subfield code="d">1951-</subfield>
    <subfield code="t">Kôd Yanm.</subfield>
    <subfield code="l">French</subfield>
  </datafield>
  <datafield tag="400" ind1="1" ind2="0">
    <subfield code="a">Confiant, Raphaël,</subfield>
    <subfield code="d">1951-</subfield>
    <subfield code="t">Gouverneur des dés</subfield>
  </datafield>
  <datafield tag="670" ind1=" " ind2=" ">
    <subfield code="a">Le gouverneur des dés, c1995.</subfield>
  </datafield>
</record>